<?xml version="1.0" encoding="UTF-8"?><record xmlns="http://www.loc.gov/MARC21/slim" xmlns:cinclude="http://apache.org/cocoon/include/1.0" xmlns:zs="http://www.loc.gov/zing/srw/">
  <leader>00538cz  a2200157n  4500</leader>
  <controlfield tag="001">n  79005410 </controlfield>
  <controlfield tag="003">DLC</controlfield>
  <controlfield tag="005">20120809080435.0</controlfield>
  <controlfield tag="008">790119n| aaannaab           |n aaa      </controlfield>
  <datafield tag="010" ind1=" " ind2=" ">
    <subfield code="a">n  79005410 </subfield>
  </datafield>
  <datafield tag="040" ind1=" " ind2=" ">
    <subfield code="a">DLC</subfield>
    <subfield code="b">eng</subfield>
    <subfield code="c">DLC</subfield>
    <subfield code="d">DLC</subfield>
  </datafield>
  <datafield tag="046" ind1=" " ind2=" ">
    <subfield code="f">1904</subfield>
  </datafield>
  <datafield tag="100" ind1="1" ind2=" ">
    <subfield code="a">Yamamoto, Noboru,</subfield>
    <subfield code="d">1904-</subfield>
  </datafield>
  <datafield tag="667" ind1=" " ind2=" ">
    <subfield code="a">THIS 1XX FIELD CANNOT BE USED UNDER RDA UNTIL THIS RECORD HAS BEEN REVIEWED AND/OR UPDATED</subfield>
  </datafield>
  <datafield tag="670" ind1=" " ind2=" ">
    <subfield code="a">Denki koĚji sekkei ... 1964 (a.e.)</subfield>
    <subfield code="b">t.p. (Yamamoto Noboru) colophon (r)</subfield>
  </datafield>
  <datafield tag="670" ind1=" " ind2=" ">
    <subfield code="a">Info. from TSCC</subfield>
    <subfield code="b">(r; Yamamoto Noboru; b. Meiji 37)</subfield>
  </datafield>
</record>